@article{obrien12,
    author  = "James F. O'Brien and Hany Farid",
    title   = "Exposing Photo Manipulation with Inconsistent Reflections",
    year    = "2012",
    journal = "ACM Transactions on Graphics",
    volume  = "31",
    number  = "1",
}